<?xml version="1.0" encoding="UTF-8"?><record xmlns="http://www.loc.gov/MARC21/slim" xmlns:cinclude="http://apache.org/cocoon/include/1.0" xmlns:zs="http://www.loc.gov/zing/srw/">
  <leader>00821nz  a2200157n  4500</leader>
  <controlfield tag="001">n 2014016121</controlfield>
  <controlfield tag="003">DLC</controlfield>
  <controlfield tag="005">20140326150634.0</controlfield>
  <controlfield tag="008">140326n| azannaabn          |b aaa      </controlfield>
  <datafield tag="010" ind1=" " ind2=" ">
    <subfield code="a">n 2014016121</subfield>
  </datafield>
  <datafield tag="040" ind1=" " ind2=" ">
    <subfield code="a">DLC</subfield>
    <subfield code="b">eng</subfield>
    <subfield code="e">rda</subfield>
    <subfield code="c">DLC</subfield>
  </datafield>
  <datafield tag="100" ind1="1" ind2=" ">
    <subfield code="a">ʻArīshī, Ṭāhir Muḥammad ʻAlī,</subfield>
    <subfield code="d">1959-</subfield>
  </datafield>
  <datafield tag="400" ind1="1" ind2=" ">
    <subfield code="a">‏عريشي ، طاهر محمد علي</subfield>
  </datafield>
  <datafield tag="400" ind1="1" ind2=" ">
    <subfield code="a">ʻUrayshī, Ṭāhir Muḥammad ʻAlī,</subfield>
    <subfield code="d">1959-</subfield>
  </datafield>
  <datafield tag="667" ind1=" " ind2=" ">
    <subfield code="a">Non-Latin script reference not evaluated</subfield>
  </datafield>
  <datafield tag="670" ind1=" " ind2=" ">
    <subfield code="a">Baʻḍ simāt al-shakhṣīyah ladá al-mustakhdimīn lil-qāt, 2009:</subfield>
    <subfield code="b">t.p. (الدکتور طاهر محمد علي عريشي = al-Duktūr Ṭāhir Muḥammad ʻAlī ʻArīshī) p. 4 of cover (Ṭāhir Muḥammad ʻAlī Shaybān ʻArīshī; b. 1959 in Burj al-Jawzāʼ, Qīzān Region, Saudi Arabia; author's works listed)</subfield>
  </datafield>
</record>